<record><leader>00000cas a22000007a 4500</leader><controlfield tag="001">42453931</controlfield><controlfield tag="008">990929d19351936vauwr ne      0    0eng d</controlfield><datafield ind1=" " ind2=" " tag="010"><subfield code="a">sn 99066983 </subfield></datafield><datafield ind1=" " ind2=" " tag="040"><subfield code="a">NVK</subfield><subfield code="b">eng</subfield><subfield code="c">NVK</subfield><subfield code="d">OCLCQ</subfield><subfield code="d">OCLCO</subfield></datafield><datafield ind1="1" ind2=" " tag="029"><subfield code="a">AU@</subfield><subfield code="b">000021095144</subfield></datafield><datafield ind1=" " ind2=" " tag="042"><subfield code="a">msc</subfield></datafield><datafield ind1=" " ind2=" " tag="043"><subfield code="a">n-us-va</subfield></datafield><datafield ind1="0" ind2=" " tag="130"><subfield code="a">Blue Ridge echo (Oronoco, Va.)</subfield></datafield><datafield ind1="1" ind2="0" tag="245"><subfield code="a">Blue Ridge echo.</subfield></datafield><datafield ind1=" " ind2=" " tag="260"><subfield code="a">Oronoco, Va. :</subfield><subfield code="b">C.C.C. Co. 2360</subfield></datafield><datafield ind1=" " ind2=" " tag="300"><subfield code="a">v.</subfield></datafield><datafield ind1=" " ind2=" " tag="310"><subfield code="a">Weekly</subfield></datafield><datafield ind1="1" ind2=" " tag="362"><subfield code="a">Began in 1935? Ceased in 1936?</subfield></datafield><datafield ind1=" " ind2=" " tag="515"><subfield code="a">Issues not numbered.</subfield></datafield><datafield ind1=" " ind2=" " tag="530"><subfield code="a">Available on microfilm from Preservation Resources.</subfield></datafield><datafield ind1=" " ind2=" " tag="580"><subfield code="a">Published within: Buena Vista news.</subfield></datafield><datafield ind1=" " ind2=" " tag="580"><subfield code="a">Issues (1935-1936) published in Buena Vista news.</subfield></datafield><datafield ind1=" " ind2=" " tag="588"><subfield code="a">Description based on: Nov. 8, 1935.</subfield></datafield><datafield ind1=" " ind2=" " tag="588"><subfield code="a">Latest issue consulted: Issue for: Sept. 25, 1936.</subfield></datafield><datafield ind1="2" ind2="0" tag="610"><subfield code="a">Civilian Conservation Corps (U.S.)</subfield><subfield code="v">Newspapers.</subfield></datafield><datafield ind1=" " ind2="0" tag="651"><subfield code="a">Oronoco (Va.)</subfield><subfield code="v">Newspapers.</subfield></datafield><datafield ind1="2" ind2=" " tag="710"><subfield code="a">Civilian Conservation Corps (U.S.).</subfield><subfield code="b">Company 2360 (Oronoco, Va.)</subfield></datafield><datafield ind1=" " ind2=" " tag="752"><subfield code="a">United States</subfield><subfield code="b">Virginia</subfield><subfield code="c">Amherst</subfield><subfield code="d">Oronoco.</subfield></datafield><datafield ind1="1" ind2=" " tag="787"><subfield code="t">Buena Vista news</subfield><subfield code="w">(DLC)sn 95079148</subfield></datafield></record>